@Book{TESTBOOK,
  author = 	 {Lai, M.; Wong, D.F.},
  title = 	 {Slicing tree is a complete floorplan representation},
  year = 	 2001,
  publisher = 	 {Oxford University Press},
  address = 	 {New York}
}

@Article{LW2001,
  author = 	 {Lai, M.; Wong, D.F.},
  title = 	 {Slicing tree is a complete floorplan representation},
  year = 	 2001
};

@Article{BSG1996,
  author = 	 {Nakatake, S.; Fujiyoshi, K.; Murata, H.; Kajitani, Y.},
  title = 	 {Module placement on BSG-structure and IC layout applications},
  year = 	 1996
};


@Article{USIMM,
  author = 	 {University of Utah and Intel Corp.},
  title = 	 {USIMM: the Utah SImulated Memory Module},
  year = 	 2012
};

@Article{WIKI_NAND,
  author = 	 {Wikipedia},
  title = 	 {Flash memory},
  url = {http://en.wikipedia.org/wiki/Flash\_memory},
  year = 	 2011
};

@Article{NAND_DATASHEET,
  author = 	 {Sumsung Inc.},
  title = 	 {K9F2G08U0M Datasheet},
  year = 	 2011
};


@article{OS161,
 author = {Holland, David A. and Lim, Ada T. and Seltzer, Margo I.},
 title = {A new instructional operating system},
 journal = {SIGCSE Bull.},
 issue_date = {March 2002},
 volume = {34},
 number = {1},
 month = feb,
 year = {2002},
 issn = {0097-8418},
 pages = {111--115},
 numpages = {5},
 url = {http://doi.acm.org/10.1145/563517.563383},
 doi = {10.1145/563517.563383},
 acmid = {563383},
 publisher = {ACM},
 address = {New York, NY, USA},
} 

@book{Sweetman:2006:SMR:1210986,
 author = {Sweetman, Dominic},
 title = {See MIPS Run, Second Edition},
 year = {2006},
 isbn = {0120884216},
 publisher = {Morgan Kaufmann Publishers Inc.},
 address = {San Francisco, CA, USA},
} 

@book{Warren:2002:HD:515297,
  author = {Warren, Henry S.},
  title = {Hacker's Delight},
  year = {2002},
  isbn = {0201914654},
  publisher = {Addison-Wesley Longman Publishing Co., Inc.},
  address = {Boston, MA, USA},
} 

